@book{IEEEreferencias:Ref1,
  author    = {SendGrid Labs LLC (SendGrid, Inc.)},
  title     = {Loader.io},
  url    = {https://loader.io/},
  publisher = {Estados Unidos},
  year      = {2012}
}

@book{IEEEreferencias:Ref2,
  author    = {Grafana Labs},
  title     = {K6},
  url    = {https://k6.io/},
  publisher = {Suecia},
  year      = {2017}
} 

@book{IEEEreferencias:Ref3,
  author = {Dotcom-Monitor, Inc.},
  title  = {LoadView},
  url    = {https://www.loadview-testing.com/es/},
  publisher = {Estados Unidos},
  year   = {2000}
}

@book{IEEEreferencias:Ref4,
  title  = {BrowserStack},
  url    = {https://www.browserstack.com/},
  author = {BrowserStack},
  publisher = {India},
  year   = {2011}
}

@book{IEEEreferencias:Ref5,
  title  = {Ingeniería de Software Modelos de Desarrollo de Software. 2021, de Ingeniería de Software},
  author = {Marlady Ortiz.},
  url    = {http://isw-udistrital.blogspot.com/2012/09/ingenieria-de-software-i.html},
  year   = {2012},
  publisher = {India}
}


