Referencias para trabajo terminal


@book{IEEEreferencias:Ref1,
  author = {Julio César Díaz Mendoza (Universidad Autónoma de Yucatán, Yucatan, México)},
  title = {Asistente escolar para los estudiantes de Ingeniería de Software: una aplicación móvil.},
  publisher = {México},
  year = {2016}
}

@book{IEEEreferencias:Ref2,
  author = {MOHAMAD FAIZ BIN MOHAMAD MOKHTAR (UNIVERSITI SULTAN ZAINAL ABIDIN)},
  title = {SMART ACADEMIC TIMETABLE REMINDER FOR FIK UNISZA STUDENT’S IN HYBRID MOBILE APPLICATION.},
  publisher = {Malasia},
  year = {2018}
} 

@book{IEEEreferencias:Ref3,
  author = "Martínez Polo Josep; Navarro Beltrá Marián; Martínez Sánchez Jesús (Universidadv Católica de Murcia,Tesis)",
  title = "El smartphone como herramienta de comunicación en el ámbito académico.",
  year = "2016"
}

@article{IEEEreferencias:Ref4,
  title={TéCNICAS E INSTRUMENTOS DE RECOLECCIóN DE DATOS.2021, de UNIVERSIDAD CATóLICA LOS ÁNGELES DE CHIMBOTE},
  author={Lic. Carla Tamayo L y Lic. Irene Silva Siesquén.},
  url={https://www.postgradoune.edu.pe/pdf/documentos-academicos/ciencias-de-la-educacion/23.pdf},
  year={2018}
}

@article{IEEEreferencias:Ref5,
  title={Ingeniería de Software Modelos de Desarrollo de Software. 2021, de Ingeniería de Software},
  author={Marlady Ortiz.},
  url={http://isw-udistrital.blogspot.com/2012/09/ingenieria-de-software-i.html},
  year={2012}
}

@article{IEEEreferencias:Ref6,
  title={Sistemas de Soporte a la Decisión (DSS)},
  author={Sinergia e Inteligencia de Negocio S.L. },
  url={https://www.sinnexus.com/business_intelligence/sistemas_soporte_decisiones.aspx},
  year={2021}
}

@article{IEEEreferencias:Ref7,
  title={Manual para la presentación de Anteproyectos e Informes de Investigación.},
  author={Schmelkes, Corina},
  url={https://www.postgradoune.edu.pe/pdf/documentos-academicos/ciencias-de-la-educacion/23.pdf},
  year={1998}
}

@article{IEEEreferencias:Ref8,
  title={El nacimiento del tiempo},
  author={Ilya Prigogine},
  year={1988}
}

@article{IEEEreferencias:Ref9,
  title={Web scraping technologies in an API world},
  author={Daniel Glez-Peña ,Anália Lourenço ,Hugo López-Fernández ,Miguel Reboiro-Jato ,Florentino Fdez-Riverola},
  year={2013}
}
@article{IEEEreferencias:Ref10,
  title={The Comparison of Native Apps Performance on iOS(Swift) and Android with Cross-platform Application-Xamarin},
  author={Dawid Dobrzanski,Wojciech Zabierowski},
  year={2017}}
  
@reference{IEEEreferencias:Ref11,
 title={An app platform for building Android and iOS apps with .NET and C#.},
 author={© Microsoft 2021},
 url={https://dotnet.microsoft.com/apps/xamarin},
 year={2021}}
 
 @reference{IEEEreferencias:Ref12,
 title={Build apps. Build your future},
 author={©Apple Inc. All rights reserved.},
 url={https://developer.apple.com/},
 year={2021}}
 
 @reference{IEEEreferencias:Ref13,
 title={Android developers},
 author={© Google Developers.},
 url={https://developer.android.com/},
 year={2021}}

@article{IEEEreferencias:Ref14,
  title={Design and Implementation of a Mobile based Timetable Filtering System},
  author={Ilya Prigogine},
  year={1988}
  @article{IEEEreferencias:Ref15,
  title={Agenda electronica empresarial Filtering System},
  author={Guerrero Hernandez, Francisco},
   url={https://repositorio.unam.mx/contenidos/407714},
  year={2003}
}